@article{medina2020odd,
	title={Chain level {S}teenrod operations},
	author={Kaufmann, Ralph M and Medina-Mardones, Anibal M},
	journal={arXiv preprint arXiv:2010.02571},
	year={2020}
}

@article{medina2020adem,
	title={A Cochain Level Proof of {A}dem Relations in the Mod 2 {S}teenrod Algebra},
	author={Brumfiel, Greg and Medina-Mardones, Anibal M and Morgan, John},
	journal={arXiv preprint arXiv:2006.09354},
	year={2020}
}

@misc{medina2020giottotda,
	title={giotto-tda: A Topological Data Analysis Toolkit for Machine Learning and Data Exploration},
	author={Guillaume Tauzin and Umberto Lupo and Lewis Tunstall and Julian Burella PÃ©rez and Matteo Caorsi and Anibal Medina-Mardones and Alberto Dassatti and Kathryn Hess},
	year={2020},
	eprint={2004.02551},
	archivePrefix={arXiv},
	primaryClass={cs.LG}
}

@article{medina2018prop2,
	title={A finitely presented ${E}_{\infty}$-Prop {II}: cellular Context},
	author={Medina-Mardones, Anibal M.},
	journal={arXiv preprint arXiv:1808.07132},
	year={2018}
}

@article{medina2018axiomatic,
	title={An axiomatic characterization of {S}teenrod's cup-$i$ products},
	author={Medina-Mardones, Anibal M.},
	journal={arXiv preprint arXiv:1810.06505},
	year={2018}
}

@article{medina2018persistence,
	title={Persistence {S}teenrod modules},
	author={Medina-Mardones, Anibal M.},
	journal={arXiv preprint arXiv:1812.05031},
	year={2018}
}

@article {medina2020prop1,
	AUTHOR = {Medina-Mardones, Anibal M.},
	TITLE = {A finitely presented {$E_\infty$}-prop {I}: algebraic context},
	JOURNAL = {High. Struct.},
	FJOURNAL = {Higher Structures},
	VOLUME = {4},
	YEAR = {2020},
	NUMBER = {2},
	PAGES = {1--21},
	MRCLASS = {55P48 (18M85 18N50)},
	MRNUMBER = {4133162},
}

@article {medina2020globular,
	AUTHOR = {Medina-Mardones, Anibal M.},
	TITLE = {An algebraic representation of globular sets},
	JOURNAL = {Homology Homotopy Appl.},
	FJOURNAL = {Homology, Homotopy and Applications},
	VOLUME = {22},
	YEAR = {2020},
	NUMBER = {2},
	PAGES = {135--150},
	ISSN = {1532-0073},
	MRCLASS = {18N99 (18F99 55S05)},
	MRNUMBER = {4093174},
	DOI = {10.4310/hha.2020.v22.n2.a8},
	URL = {https://doi.org/10.4310/hha.2020.v22.n2.a8},
}

@article {medina2020cartan,
	AUTHOR = {Medina-Mardones, Anibal M.},
	TITLE = {An effective proof of the {C}artan formula: the even prime},
	JOURNAL = {J. Pure Appl. Algebra},
	FJOURNAL = {Journal of Pure and Applied Algebra},
	VOLUME = {224},
	YEAR = {2020},
	NUMBER = {12},
	PAGES = {106444, 18},
	ISSN = {0022-4049},
	MRCLASS = {55S10 (55S05 55S12)},
	MRNUMBER = {4102178},
	DOI = {10.1016/j.jpaa.2020.106444},
	URL = {https://doi.org/10.1016/j.jpaa.2020.106444},
}

@article {carlsson2009data,
	AUTHOR = {Carlsson, Gunnar},
	TITLE = {Topology and data},
	JOURNAL = {Bull. Amer. Math. Soc. (N.S.)},
	FJOURNAL = {American Mathematical Society. Bulletin. New Series},
	VOLUME = {46},
	YEAR = {2009},
	NUMBER = {2},
	PAGES = {255--308},
	ISSN = {0273-0979},
	MRCLASS = {55-02 (62-02 62-07 94A12)},
	MRNUMBER = {2476414},
	MRREVIEWER = {Peter Bubenik},
	DOI = {10.1090/S0273-0979-09-01249-X},
	URL = {https://doi.org/10.1090/S0273-0979-09-01249-X},
}

@article {kaufmann2008noncommutative,
	AUTHOR = {Kaufmann, Ralph M.},
	TITLE = {Noncommutative aspects of open/closed strings via foliations},
	JOURNAL = {Rep. Math. Phys.},
	FJOURNAL = {Reports on Mathematical Physics},
	VOLUME = {61},
	YEAR = {2008},
	NUMBER = {2},
	PAGES = {281--293},
	ISSN = {0034-4877},
	MRCLASS = {81T45 (55P48 57R30)},
	MRNUMBER = {2424095},
	MRREVIEWER = {David Chataur},
	DOI = {10.1016/S0034-4877(08)80016-X},
	URL = {https://doi.org/10.1016/S0034-4877(08)80016-X},
}

@article {kaufmann2017permutahedra,
	AUTHOR = {Kaufmann, Ralph M. and Zhang, Yongheng},
	TITLE = {Permutohedral structures on {$E_2$}-operads},
	JOURNAL = {Forum Math.},
	FJOURNAL = {Forum Mathematicum},
	VOLUME = {29},
	YEAR = {2017},
	NUMBER = {6},
	PAGES = {1371--1411},
	ISSN = {0933-7741},
	MRCLASS = {55P48 (52B12 55P35 55R80)},
	MRNUMBER = {3719307},
	MRREVIEWER = {Beno\^{\i}t Fresse},
	DOI = {10.1515/forum-2016-0052},
	URL = {https://doi.org/10.1515/forum-2016-0052},
}

@article {kaufmann2008strings,
	AUTHOR = {Kaufmann, Ralph M.},
	TITLE = {Noncommutative aspects of open/closed strings via foliations},
	JOURNAL = {Rep. Math. Phys.},
	FJOURNAL = {Reports on Mathematical Physics},
	VOLUME = {61},
	YEAR = {2008},
	NUMBER = {2},
	PAGES = {281--293},
	ISSN = {0034-4877},
	MRCLASS = {81T45 (55P48 57R30)},
	MRNUMBER = {2424095},
	MRREVIEWER = {David Chataur},
	DOI = {10.1016/S0034-4877(08)80016-X},
	URL = {https://doi.org/10.1016/S0034-4877(08)80016-X},
}

@inproceedings{berger2004combinatorial,
	title={Combinatorial operad actions on cochains},
	author={Berger, Clemens and Fresse, Benoit},
	booktitle={Mathematical Proceedings of the Cambridge Philosophical Society},
	volume={137},
	number={1},
	pages={135--174},
	year={2004},
	organization={Cambridge University Press}
}

@book{boardman2006homotopy,
	title={Homotopy invariant algebraic structures on topological spaces},
	author={Boardman, John Michael and Vogt, Rainer M},
	volume={347},
	year={2006},
	publisher={Springer}
}

@article{fresse2010props,
	title={Props in model categories and homotopy invariance of structures},
	author={Fresse, Benoit},
	journal={Georgian Mathematical Journal},
	volume={17},
	number={1},
	pages={79--160},
	year={2010},
	publisher={Walter de Gruyter GmbH \& Co. KG}
}

@book{may2006geometry,
	title={The geometry of iterated loop spaces},
	author={May, J Peter},
	volume={271},
	year={2006},
	publisher={Springer}
}

@article{mcclure2003multivariable,
	title={Multivariable cochain operations and little $n$-cubes},
	author={McClure, James and Smith, Jeffrey},
	journal={Journal of the American Mathematical Society},
	volume={16},
	number={3},
	pages={681--704},
	year={2003}
}

@article {kaufmann08frobenious,
	AUTHOR = {Kaufmann, Ralph M.},
	TITLE = {Moduli space actions on the {H}ochschild co-chains of a
	{F}robenius algebra. {II}. {C}orrelators},
	JOURNAL = {J. Noncommut. Geom.},
	FJOURNAL = {Journal of Noncommutative Geometry},
	VOLUME = {2},
	YEAR = {2008},
	NUMBER = {3},
	PAGES = {283--332},
	ISSN = {1661-6952},
	MRCLASS = {55P48 (16E40 18D50 32G15)},
	MRNUMBER = {2411420},
	MRREVIEWER = {Hossein Abbaspour},
	DOI = {10.4171/JNCG/22},
	URL = {https://doi.org/10.4171/JNCG/22},
}


@article {tradler07string,
	AUTHOR = {Tradler, Thomas and Zeinalian, Mahmoud},
	TITLE = {Algebraic string operations},
	JOURNAL = {$K$-Theory},
	FJOURNAL = {$K$-Theory. An Interdisciplinary Journal for the Development,
	Application, and Influence of $K$-Theory in the Mathematical
	Sciences},
	VOLUME = {38},
	YEAR = {2007},
	NUMBER = {1},
	PAGES = {59--82},
	ISSN = {0920-3036},
	MRCLASS = {57R99 (16E40 57M25)},
	MRNUMBER = {2353864},
	DOI = {10.1007/s10977-007-9005-2},
	URL = {https://doi.org/10.1007/s10977-007-9005-2},
}

@article {goresky09loop,
	AUTHOR = {Goresky, Mark and Hingston, Nancy},
	TITLE = {Loop products and closed geodesics},
	JOURNAL = {Duke Math. J.},
	FJOURNAL = {Duke Mathematical Journal},
	VOLUME = {150},
	YEAR = {2009},
	NUMBER = {1},
	PAGES = {117--209},
	ISSN = {0012-7094},
	MRCLASS = {58E10 (55N45 55P50 58E05)},
	MRNUMBER = {2560110},
	MRREVIEWER = {John F. Oprea},
	DOI = {10.1215/00127094-2009-049},
	URL = {https://doi.org/10.1215/00127094-2009-049},
}

@incollection {kaufmann09dimension,
	AUTHOR = {Kaufmann, Ralph M.},
	TITLE = {Dimension vs. genus: a surface realization of the little
	{$k$}-cubes and an {$E_\infty$}-operad},
	BOOKTITLE = {Algebraic topology---old and new},
	SERIES = {Banach Center Publ.},
	VOLUME = {85},
	PAGES = {241--274},
	PUBLISHER = {Polish Acad. Sci. Inst. Math., Warsaw},
	YEAR = {2009},
	MRCLASS = {55P48 (18D50)},
	MRNUMBER = {2503531},
	MRREVIEWER = {Julia Bergner},
	DOI = {10.4064/bc85-0-17},
	URL = {https://doi.org/10.4064/bc85-0-17},
}

@article {kaufmann03arc,
	AUTHOR = {Kaufmann, Ralph M. and Livernet, Muriel and Penner, R. C.},
	TITLE = {Arc operads and arc algebras},
	JOURNAL = {Geom. Topol.},
	FJOURNAL = {Geometry and Topology},
	VOLUME = {7},
	YEAR = {2003},
	PAGES = {511--568},
	ISSN = {1465-3060},
	MRCLASS = {18D50 (17B99 32G15)},
	MRNUMBER = {2026541},
	MRREVIEWER = {Hossein Abbaspour},
	DOI = {10.2140/gt.2003.7.511},
	URL = {https://doi.org/10.2140/gt.2003.7.511},
}

@article{kaufmann2018detailed,
	title={A detailed look on actions on {H}ochschild complexes especially the degree $1$ co-product and actions on loop spaces},
	author={Kaufmann, Ralph M},
	journal={arXiv preprint arXiv:1807.10534},
	year={2018}
}

@article {kaufmann07spinless,
	AUTHOR = {Kaufmann, Ralph M.},
	TITLE = {On spineless cacti, {D}eligne's conjecture and
	{C}onnes-{K}reimer's {H}opf algebra},
	JOURNAL = {Topology},
	FJOURNAL = {Topology. An International Journal of Mathematics},
	VOLUME = {46},
	YEAR = {2007},
	NUMBER = {1},
	PAGES = {39--88},
	ISSN = {0040-9383},
	MRCLASS = {55P48 (16E40 16W30 18D50)},
	MRNUMBER = {2288726},
	MRREVIEWER = {David Chataur},
	DOI = {10.1016/j.top.2006.10.002},
	URL = {https://doi.org/10.1016/j.top.2006.10.002},
}

@article{chas1999string,
	title={String topology},
	author={Chas, Moira and Sullivan, Dennis},
	journal={arXiv preprint math/9911159},
	year={1999}
}

@book {loday2012algebraic,
	AUTHOR = {Loday, Jean-Louis and Vallette, Bruno},
	TITLE = {Algebraic operads},
	SERIES = {Grundlehren der Mathematischen Wissenschaften},
	VOLUME = {346},
	PUBLISHER = {Springer, Heidelberg},
	YEAR = {2012},
	PAGES = {xxiv+634},
	ISBN = {978-3-642-30361-6},
	MRCLASS = {18D50 (16E99)},
	MRNUMBER = {2954392},
	MRREVIEWER = {Andrey Yu. Lazarev},
	DOI = {10.1007/978-3-642-30362-3},
	URL = {https://doi.org/10.1007/978-3-642-30362-3},
}

@article{dotsenko2010grobner,
	title={Gr{\"o}bner bases for operads},
	author={Dotsenko, Vladimir and Khoroshkin, Anton},
	journal={Duke Mathematical Journal},
	volume={153},
	number={2},
	pages={363--396},
	year={2010},
	publisher={Duke University Press}
}

@article{street1987algebra,
	title={The algebra of oriented simplexes},
	author={Street, Ross},
	journal={Journal of Pure and Applied Algebra},
	volume={49},
	number={3},
	pages={283--335},
	year={1987},
	publisher={Elsevier}
}

@article{steenrod47products,
	title={Products of cocycles and extensions of mappings},
	author={Steenrod, Norman E},
	journal={Annals of Mathematics},
	pages={290--320},
	year={1947},
	publisher={JSTOR}
}